@techreport{NISTblockchainOverview,
  author = {Dylan Yaga and Peter Mell and Nik Roby and Karen Scarfone},
  title = {Blockchain Technology Overview},
  institution = {NIST},
  year = 2018,
  month = 10,
  url = {https://csrc.nist.gov/publications/detail/nistir/8202/final},
}
